<?xml version="1.0" encoding="UTF-8"?>
<record xmlns="http://www.loc.gov/MARC21/slim">
   <leader>01852cam a2200385Ma 4500</leader>
   <controlfield tag="001">2772262</controlfield>
   <controlfield tag="003">NjP</controlfield>
   <controlfield tag="005">20190705144847.0</controlfield>
   <controlfield tag="008">970807s1862    ua            000 0 arard</controlfield>
   <datafield tag="024" ind1="7" ind2=" ">
      <subfield code="a">princeton_aco004176</subfield>
      <subfield code="2">local</subfield>
   </datafield>
   <datafield ind1=" " ind2=" " tag="035">
      <subfield code="9">CNG9351TS</subfield>
   </datafield>
   <datafield ind1=" " ind2=" " tag="035">
      <subfield code="a">(NjP)2772262</subfield>
   </datafield>
   <datafield ind1=" " ind2=" " tag="040">
      <subfield code="a">RBN</subfield>
      <subfield code="c">PUL</subfield>
      <subfield code="d">PUL</subfield>
   </datafield>
   <datafield ind1=" " ind2=" " tag="049">
      <subfield code="a">PULL</subfield>
   </datafield>
   <datafield ind1="1" ind2="4" tag="050">
      <subfield code="a">BP186</subfield>
      <subfield code="b">.I29x 1862</subfield>
   </datafield>
   <datafield ind1=" " ind2=" " tag="035">
      <subfield code="a">(OCoLC)ocm37962920</subfield>
   </datafield>
   <datafield ind1="1" ind2=" " tag="100">
      <subfield code="6">880-01</subfield>
      <subfield code="a">ʻIdwī, Ḥasan,</subfield>
      <subfield code="d">1806 or 1807-1885 or 1886.</subfield>
      <subfield code="0">http://id.loc.gov/authorities/names/nr91025957</subfield>
   </datafield>
   <datafield ind1="1" ind2="0" tag="240">
      <subfield code="6">880-02</subfield>
      <subfield code="a">Nafaḥāt al-Nabawīyah fī al-faḍāʼil al-ʻĀshūrīyah.</subfield>
   </datafield>
   <datafield ind1="1" ind2="0" tag="245">
      <subfield code="6">880-03</subfield>
      <subfield code="a">Hādhā kitāb al-Nafaḥāt al-Nabawīyah fī al-faḍāʼil al-ʻĀshūrīyah /</subfield>
      <subfield code="c">li-Ḥasan al-ʻIdwī al-Ḥamzāwī.</subfield>
   </datafield>
   <datafield ind1="1" ind2="0" tag="246">
      <subfield code="6">880-04</subfield>
      <subfield code="a">Kitāb al-Nafaḥāt al-Nabawīyah fī al-faḍāʼil al-ʻĀshūrīyah.</subfield>
   </datafield>
   <datafield ind1=" " ind2=" " tag="250">
      <subfield code="6">880-05</subfield>
      <subfield code="a">[al-Ṭabʻah 3]</subfield>
   </datafield>
   <datafield ind1=" " ind2=" " tag="260">
      <subfield code="6">880-06</subfield>
      <subfield code="a">[Cairo :</subfield>
      <subfield code="b">Maṭbaʻat Miṣr,</subfield>
      <subfield code="c">1278] [1862]</subfield>
   </datafield>
   <datafield ind1=" " ind2=" " tag="300">
      <subfield code="a">104 p. ;</subfield>
      <subfield code="c">23 cm.</subfield>
   </datafield>
   <datafield ind1=" " ind2="0" tag="650">
      <subfield code="a">Fasts and feasts</subfield>
      <subfield code="x">Islam.</subfield>
      <subfield code="0">http://id.loc.gov/authorities/subjects/sh85047419</subfield>
   </datafield>
   <datafield ind1=" " ind2="0" tag="650">
      <subfield code="a">Hadith.</subfield>
   </datafield>
   <datafield ind1=" " ind2="0" tag="650">
      <subfield code="a">Tenth of Muḥarram.</subfield>
      <subfield code="0">http://id.loc.gov/authorities/subjects/sh85133947</subfield>
   </datafield>
   <datafield ind1="1" ind2=" " tag="880">
      <subfield code="6">100-01/r</subfield>
      <subfield code="a">عدوي، حسن،</subfield>
      <subfield code="d">1806 or 1807-1885 or 1886.</subfield>
   </datafield>
   <datafield ind1="1" ind2="0" tag="880">
      <subfield code="6">240-02/r</subfield>
      <subfield code="a">نفحات النبوية في الفضائل العاشورية.</subfield>
   </datafield>
   <datafield ind1="1" ind2="0" tag="880">
      <subfield code="6">245-03/r</subfield>
      <subfield code="a">هذا كتاب النفحات النبوية في الفضائل العاشورية /</subfield>
      <subfield code="c">لحسن العدوي الحمزاوي.</subfield>
   </datafield>
   <datafield ind1="1" ind2="0" tag="880">
      <subfield code="6">246-04/r</subfield>
      <subfield code="a">كتاب النفحات النبوية في الفضائل العاشورية.</subfield>
   </datafield>
   <datafield ind1=" " ind2=" " tag="880">
      <subfield code="6">250-05/r</subfield>
      <subfield code="a">[الطبعة 3]</subfield>
   </datafield>
   <datafield ind1=" " ind2=" " tag="880">
      <subfield code="6">260-06/r</subfield>
      <subfield code="a">[Cairo :</subfield>
      <subfield code="b">مطبعة مصر،</subfield>
      <subfield code="c">1278] [1862]</subfield>
   </datafield>
   <datafield ind1=" " ind2=" " tag="911">
      <subfield code="a">20000130</subfield>
   </datafield>
   <datafield ind1=" " ind2=" " tag="994">
      <subfield code="a">C0</subfield>
      <subfield code="b">PUL</subfield>
   </datafield>
   <datafield ind1=" " ind2=" " tag="999">
      <subfield code="a">2772262</subfield>
   </datafield>
   <datafield ind1=" " ind2=" " tag="979">
      <subfield code="a">(OCoLC)ocn178466790</subfield>
   </datafield>
   <datafield ind1="8" ind2="0" tag="852">
      <subfield code="0">3083111</subfield>
      <subfield code="b">rcppa</subfield>
      <subfield code="t">1</subfield>
      <subfield code="h">2264.113198.741</subfield>
      <subfield code="x">tr fr f</subfield>
   </datafield>
   <datafield ind1=" " ind2=" " tag="959">
      <subfield code="a">2000-06-13 00:00:00 -0500</subfield>
   </datafield>
</record>
